<?xml version="1.0" encoding="UTF-8"?><record xmlns="http://www.loc.gov/MARC21/slim" xmlns:cinclude="http://apache.org/cocoon/include/1.0" xmlns:zs="http://www.loc.gov/zing/srw/">
  <leader>00421cz  a2200133n  4500</leader>
  <controlfield tag="001">n  81069680 </controlfield>
  <controlfield tag="003">DLC</controlfield>
  <controlfield tag="005">20140205090137.0</controlfield>
  <controlfield tag="008">810713n| azannaabn           n aaa      </controlfield>
  <datafield tag="010" ind1=" " ind2=" ">
    <subfield code="a">n  81069680 </subfield>
  </datafield>
  <datafield tag="040" ind1=" " ind2=" ">
    <subfield code="a">DLC</subfield>
    <subfield code="b">eng</subfield>
    <subfield code="e">rda</subfield>
    <subfield code="c">DLC</subfield>
    <subfield code="d">DLC</subfield>
  </datafield>
  <datafield tag="046" ind1=" " ind2=" ">
    <subfield code="f">19501027</subfield>
  </datafield>
  <datafield tag="100" ind1="1" ind2=" ">
    <subfield code="a">Spreckelmeyer, Kent F.,</subfield>
    <subfield code="d">1950-</subfield>
  </datafield>
  <datafield tag="670" ind1=" " ind2=" ">
    <subfield code="a">Marans, R.W. Evaluating built environments, 1981 (a.e.)</subfield>
    <subfield code="b">t.p. (Kent F. Spreckelmeyer) CIP data sheet (b. 10-27-50)</subfield>
  </datafield>
</record>